@manual{C2H_UG,
    title        = "{Nios II C2H Compiler --- User Guide}",
    organization = "Altera Corporation",
    month        = "November",
    year         = "2009",
    note         = "Available: \url{http://www.altera.com/literature/ug/ug_nios2_c2h_compiler.pdf}",
}

@manual{C2H_AvalonSpec,
    title        = "Avalon Interface Specifications",
    organization = "Altera Corporation",
    month        = "June",
    year         = "2014",
    note         = "Available: \url{http://www.altera.com/literature/manual/mnl_avalon_spec.pdf}",
}

@techreport{c_std,
    institution = "ISO/IEC",
    title       = "{C99 Specification --- 9899:TC3}",
    number      = "WG14/N1256",
    month       = "September",
    year        = "2007",
    note        = "Available: \url{http://www.open-std.org/jtc1/sc22/wg14/www/docs/n1256.pdf}",
}

@techreport{Verilog_std,
    institution = "IEEE",
    title       = "{IEEE Standard Hardware Description Language Based on the Verilog Hardware Description Language}",
    number      = "1364",
    year        = "1995",
}

@techreport{VHDL_std,
    institution = "IEEE",
    title       = "{IEEE Standard VHDL Language Reference Manual}",
    number      = "1076",
    year        = "1987",
}

@article{sheeran,
    author  = "M. Sheeran",
    title   = "Hardware Design and Functional Programming --- a Perfect Match",
    year    = "2005",
    journal = "Journal of Universal Computer Science",
    volume  = "11",
    number  = "7",
    pages   = "1135--1158"
}

@article{lava,
    title   = "Lava: Hardware Design in Haskell",
    author  = "P. Bjesse and K. Claessen and M. Sheeran and S. Singh",
    year    = "1998",
    journal = "Association for Computing Machinery",
    volume  = 34,
    number  = 1,
    pages   = "174--184"
}

@article{clash,
    title   = "{C$\lambda$aSH}: Structural Descriptions of Synchronous Hardware using Haskell",
    author  = "C. Baaij and M. Kooijman and J. Kuper and A. Boeijink and M. Gerards",
    year    = 2010,
    journal = "Digital System Design: Architectures, Methods and Tools",
    month   = "September",
    pages   = "714--721"
}

@online{clashReference,
    title  = "CLaSH Tutorial",
    author = "Christiaan Baaij",
    year   = 2014,
    url    = "http://hackage.haskell.org/package/clash-prelude-0.5.1/docs/CLaSH-Tutorial.html"
}
