@manual{C2H_UG,
    title = "{Nios II C2H Compiler --- User Guide}",
    organization = "Altera Corporation",
    month = "November",
    year = "2009",
    note = "Available: \url{http://www.altera.com/literature/ug/ug_nios2_c2h_compiler.pdf}",
}

@techreport{c_std,
    institution = "ISO/IEC",
    title = "{9899:TC3}",
    number = "WG14/N1256",
    month = "September",
    year = "2007",
    note = "Available: \url{http://www.open-std.org/jtc1/sc22/wg14/www/docs/n1256.pdf}",
}

